<?xml version="1.0" encoding="UTF-8"?><collection xmlns="http://www.loc.gov/MARC21/slim"><record><leader>00614nam--2200181-i-4500</leader><controlfield tag="001">000019766</controlfield><controlfield tag="002">20161230</controlfield><controlfield tag="005">20161230201033</controlfield><controlfield tag="008">060222s1000------------r-----000-0-fre-d</controlfield><datafield ind1=" " ind2=" " tag="040"><subfield code="a">IFIN-HH</subfield></datafield><datafield ind1=" " ind2=" " tag="041"><subfield code="a">fre</subfield></datafield><datafield ind1=" " ind2=" " tag="080"><subfield code="a">539.143.43:532.783(043)</subfield></datafield><datafield ind1="1" ind2=" " tag="100"><subfield code="a">Deloche De Noyelle, Bertrand</subfield></datafield><datafield ind1="1" ind2="0" tag="245"><subfield code="a">Etude par resonance magnetique nucleaire du deuterium,de certains aspects de la dynamique microscopie des cristaux liquidse thermotropes</subfield><subfield code="b">These</subfield><subfield code="c">Bertrand deloche de noyelle</subfield></datafield><datafield ind1=" " ind2=" " tag="260"><subfield code="a">Orsay</subfield><subfield code="b">Universite De Paris-sud</subfield><subfield code="c">1978</subfield></datafield><datafield ind1=" " ind2=" " tag="300"><subfield code="a">144 P</subfield></datafield><datafield ind1=" " ind2=" " tag="852"><subfield code="a">46474</subfield><subfield code="c">539.143.43</subfield></datafield><datafield ind1=" " ind2=" " tag="CAT"><subfield code="a">Sys</subfield><subfield code="c">20120510</subfield><subfield code="h">130117</subfield></datafield></record></collection>